
@article{gaoguixian2020,
  title = {{哈萨克斯坦农业资源州际分布及生产效率分析}},
  author = {高贵现 and 郭, 玲霞},
  year = {2020},
  journal = {新疆财经},
  number = {06},
  pages = {59--69},
  issn = {1007-8576},
  doi = {10.16716/j.cnki.65-1030/f.2020.06.006},
  langid = {chinese},
  file = {D\:\\google\\zotero-local\\AUTH\\高_郭\\高_郭_2020_哈萨克斯坦农业资源州际分布及生产效率分析.pdf}
}

@article{songyaohui2013,
  title = {{塔吉克斯坦农业资源利用综合评价研究}},
  author = {宋耀辉 and 马, 惠兰 and 戴, 泉},
  year = {2013},
  journal = {科技和产业},
  volume = {13},
  number = {07},
  pages = {13--17},
  issn = {1671-1807},
  langid = {chinese},
  annotation = {3 citations(CNKI)[2021-10-17]},
  file = {D\:\\google\\zotero-local\\AUTH\\宋 et al\\宋 et al_2013_塔吉克斯坦农业资源利用综合评价研究.pdf}
}


